%YAML 1.1
%TAG !u! tag:unity3d.com,2011:
--- !u!1 &195980
GameObject:
  m_ObjectHideFlags: 0
  m_PrefabParentObject: {fileID: 0}
  m_PrefabInternal: {fileID: 100100000}
  serializedVersion: 4
  m_Component:
  - 4: {fileID: 447846}
  - 212: {fileID: 21229852}
  - 114: {fileID: 11413582}
  - 114: {fileID: 11498122}
  - 114: {fileID: 11472712}
  m_Layer: 0
  m_Name: Bullet
  m_TagString: Untagged
  m_Icon: {fileID: 0}
  m_NavMeshLayer: 0
  m_StaticEditorFlags: 0
  m_IsActive: 1
--- !u!4 &447846
Transform:
  m_ObjectHideFlags: 1
  m_PrefabParentObject: {fileID: 0}
  m_PrefabInternal: {fileID: 100100000}
  m_GameObject: {fileID: 195980}
  m_LocalRotation: {x: 0, y: 0, z: 0, w: 1}
  m_LocalPosition: {x: 0, y: 0, z: 10}
  m_LocalScale: {x: 1, y: 1, z: 1}
  m_Children: []
  m_Father: {fileID: 0}
  m_RootOrder: 0
--- !u!114 &11413582
MonoBehaviour:
  m_ObjectHideFlags: 1
  m_PrefabParentObject: {fileID: 0}
  m_PrefabInternal: {fileID: 100100000}
  m_GameObject: {fileID: 195980}
  m_Enabled: 1
  m_EditorHideFlags: 0
  m_Script: {fileID: 372142912, guid: 870353891bb340e2b2a9c8707e7419ba, type: 3}
  m_Name: 
  m_EditorClassIdentifier: 
  m_SceneId:
    m_Value: 0
  m_AssetId:
    i0: 171
    i1: 219
    i2: 205
    i3: 72
    i4: 249
    i5: 46
    i6: 81
    i7: 36
    i8: 169
    i9: 23
    i10: 102
    i11: 189
    i12: 239
    i13: 90
    i14: 34
    i15: 72
  m_ServerOnly: 0
  m_LocalPlayerAuthority: 0
--- !u!114 &11472712
MonoBehaviour:
  m_ObjectHideFlags: 1
  m_PrefabParentObject: {fileID: 0}
  m_PrefabInternal: {fileID: 100100000}
  m_GameObject: {fileID: 195980}
  m_Enabled: 1
  m_EditorHideFlags: 0
  m_Script: {fileID: 11500000, guid: 240eb6f4fdb602a428f9126f476ef0f6, type: 3}
  m_Name: 
  m_EditorClassIdentifier: 
  speed: 10
--- !u!114 &11498122
MonoBehaviour:
  m_ObjectHideFlags: 1
  m_PrefabParentObject: {fileID: 0}
  m_PrefabInternal: {fileID: 100100000}
  m_GameObject: {fileID: 195980}
  m_Enabled: 1
  m_EditorHideFlags: 0
  m_Script: {fileID: -1768714887, guid: 870353891bb340e2b2a9c8707e7419ba, type: 3}
  m_Name: 
  m_EditorClassIdentifier: 
  m_TransformSyncMode: 1
  m_SendInterval: .100000001
  m_SyncRotationAxis: 7
  m_RotationSyncCompression: 0
  m_SyncSpin: 0
  m_MovementTheshold: .00100000005
  m_SnapThreshold: 5
  m_InterpolateRotation: 1
  m_InterpolateMovement: 1
--- !u!212 &21229852
SpriteRenderer:
  m_ObjectHideFlags: 1
  m_PrefabParentObject: {fileID: 0}
  m_PrefabInternal: {fileID: 100100000}
  m_GameObject: {fileID: 195980}
  m_Enabled: 1
  m_CastShadows: 0
  m_ReceiveShadows: 0
  m_Materials:
  - {fileID: 10754, guid: 0000000000000000e000000000000000, type: 0}
  m_SubsetIndices: 
  m_StaticBatchRoot: {fileID: 0}
  m_UseLightProbes: 1
  m_ReflectionProbeUsage: 1
  m_ProbeAnchor: {fileID: 0}
  m_ScaleInLightmap: 1
  m_PreserveUVs: 0
  m_ImportantGI: 0
  m_AutoUVMaxDistance: .5
  m_AutoUVMaxAngle: 89
  m_LightmapParameters: {fileID: 0}
  m_SortingLayerID: 0
  m_SortingOrder: 0
  m_Sprite: {fileID: 21300000, guid: 976199f7e1ad9854781e392b2a7ebe44, type: 3}
  m_Color: {r: 1, g: 1, b: 1, a: 1}
--- !u!1001 &100100000
Prefab:
  m_ObjectHideFlags: 1
  serializedVersion: 2
  m_Modification:
    m_TransformParent: {fileID: 0}
    m_Modifications:
    - target: {fileID: 0}
      propertyPath: m_AssetId.i0
      value: 171
      objectReference: {fileID: 0}
    - target: {fileID: 0}
      propertyPath: m_AssetId.i1
      value: 219
      objectReference: {fileID: 0}
    - target: {fileID: 0}
      propertyPath: m_AssetId.i2
      value: 205
      objectReference: {fileID: 0}
    - target: {fileID: 0}
      propertyPath: m_AssetId.i3
      value: 72
      objectReference: {fileID: 0}
    - target: {fileID: 0}
      propertyPath: m_AssetId.i4
      value: 249
      objectReference: {fileID: 0}
    - target: {fileID: 0}
      propertyPath: m_AssetId.i5
      value: 46
      objectReference: {fileID: 0}
    - target: {fileID: 0}
      propertyPath: m_AssetId.i6
      value: 81
      objectReference: {fileID: 0}
    - target: {fileID: 0}
      propertyPath: m_AssetId.i7
      value: 36
      objectReference: {fileID: 0}
    - target: {fileID: 0}
      propertyPath: m_AssetId.i8
      value: 169
      objectReference: {fileID: 0}
    - target: {fileID: 0}
      propertyPath: m_AssetId.i9
      value: 23
      objectReference: {fileID: 0}
    - target: {fileID: 0}
      propertyPath: m_AssetId.i10
      value: 102
      objectReference: {fileID: 0}
    - target: {fileID: 0}
      propertyPath: m_AssetId.i11
      value: 189
      objectReference: {fileID: 0}
    - target: {fileID: 0}
      propertyPath: m_AssetId.i12
      value: 239
      objectReference: {fileID: 0}
    - target: {fileID: 0}
      propertyPath: m_AssetId.i13
      value: 90
      objectReference: {fileID: 0}
    - target: {fileID: 0}
      propertyPath: m_AssetId.i14
      value: 34
      objectReference: {fileID: 0}
    - target: {fileID: 0}
      propertyPath: m_AssetId.i15
      value: 72
      objectReference: {fileID: 0}
    - target: {fileID: 0}
      propertyPath: m_ServerOnly
      value: 0
      objectReference: {fileID: 0}
    - target: {fileID: 0}
      propertyPath: m_LocalPlayerAuthority
      value: 0
      objectReference: {fileID: 0}
    - target: {fileID: 0}
      propertyPath: speed
      value: 10
      objectReference: {fileID: 0}
    m_RemovedComponents: []
  m_ParentPrefab: {fileID: 0}
  m_RootGameObject: {fileID: 195980}
  m_IsPrefabParent: 1
